%%%%%%%%%%%%%%%%%%%
%% General books %%
%%%%%%%%%%%%%%%%%%%

@book{jemielniak_common_2014,
  title={Common Knowledge?: An Ethnography of Wikipedia},
  author={Jemielniak, Dariusz},
  year={2014},
  publisher={Stanford University Press}
}

@book{kraut_building_2012,
  title={Building successful online communities: Evidence-based social design},
  author={Kraut, Robert E and Resnick, Paul and Kiesler, Sara and Burke, Moira and Chen, Yan and Kittur, Niki and Konstan, Joseph and Ren, Yuqing and Riedl, John},
  year={2012},
  publisher={MIT Press}
}

@book{reagle_good_2010,
  title={Good faith collaboration: The culture of Wikipedia},
  author={Reagle, Joseph Michael},
  year={2010},
  publisher={MIT Press}
}

@book{ayers_wikipedia_2008,
  title={How Wikipedia works: And how you can be a part of it},
  author={Ayers, Phoebe and Matthews, Charles and Yates, Ben},
  year={2008},
  publisher={No Starch Press}
}

%%%%%%%%%%%%%%%%%%%%%%%%%%%%%%%%%%%
%% WEEK 1 - Introduction & Wager %%
%%%%%%%%%%%%%%%%%%%%%%%%%%%%%%%%%%%

@misc{zimmmer_okcupid_2016,
	title = {{OkCupid} Study Reveals the Perils of Big-Data Science},
	note = {\url{https://www.wired.com/2016/05/okcupid-study-reveals-perils-big-data-science/}},
	urldate = {2016-08-15},
	author = {Zimmer, Michael},
	journal = {{WIRED}},
	month = may,
	year = {2016},
}

@article{bruckman_teaching_2006,
	title = {Teaching students to study online communities ethically},
	note = {\url{http://www.cc.gatech.edu/~asb/papers/journal/bruckman-information-ethics06.pdf}},
	journal = {Journal of Information Ethics},
	author = {Bruckman, Amy},
	year = {2006},
	pages = {82--98},
}

@misc{wiki_terms_of_use,
   author = {{Wikimedia Foundation}},
   title = "Terms of Use",
   year = "2016",
   note = {\url{https://wikimediafoundation.org/w/index.php?title=Terms_of_Use}},
 }

@misc{benkler_carr-benkler_2012,
	title = {Carr-{Benkler} wager revisited},
	note = {\url{https://blogs.harvard.edu/ybenkler/2012/05/07/on-the-carr-benkler-wager/}},
	urldate = {2016-08-15},
	author = {Benkler, Yochai},
	mon = may,
	year = {2012}
}

@misc{ingram_carr-benkler_2012,
	title = {The {Carr}-{Benkler} wager and the peer-powered economy},
	note = {\url{https://gigaom.com/2012/05/09/the-carr-benkler-wager-and-the-peer-powered-economy/}},
	urldate = {2016-08-15},
	author = {Ingram, Mathew},
	month = may,
	year = {2012},
}

@misc{carr_calacaniss_2006a,
	title = {Calacanis’s wallet and the {Web} 2.0 dream},
	note = {\url{http://www.roughtype.com/?p=466}},
	urldate = {2016-08-14},
	journal = {ROUGH TYPE},
	author = {Carr, Nick},
	month = jul,
	day = 19,
	year = {2006},
}

@misc{carr_benkler_2006b,
	title = {Benkler on {Calacanis}’s wallet},
	note = {\url{http://www.roughtype.com/?p=479}},
	urldate = {2016-08-15},
	journal = {ROUGH TYPE},
	author = {Carr, Nick},
	month = aug,
	date = 26,
	year = {2006},
}

@misc{carr_pay_2012,
	title = {Pay up, {Yochai} {Benkler}},
	note = {\url{http://www.roughtype.com/?p=1599}},
	urldate = {2016-08-15},
	journal = {ROUGH TYPE},
	author = {Carr, Nick},
	month = may,
	year = {2012},
}

@book{benkler_wealth_2006,
  title={The Wealth of Networks: How Social Production Transforms Markets and Freedom},
  author={Benkler, Yochai},
  year={2006},
  publisher={Yale University Press}
}

@incollection{benkler_ch3_2006,
  author       = {Yochai Benkler}, 
  title        = {Peer Production and Sharing},
  booktitle    = {The Wealth of Networks},
  publisher    = {Yale University Press},
  year         = 2006,
  chapter      = 3,
  pages        = {59-90},
  address      = {New Haven, CT},
  note = {\url{http://www.benkler.org/Benkler_Wealth_Of_Networks_Chapter_3.pdf}}
}

@misc{carr_amorality_2005,
	title = {The amorality of {Web} 2.0},
	note = {\url{http://www.roughtype.com/?p=110}},
	urldate = {2016-08-15},
	journal = {ROUGH TYPE},
	author = {Carr, Nick},
	month = oct,
	year = {2005},
}

@misc{keen_web_2006,
	title = {Web 2.0},
	note = {\url{http://www.weeklystandard.com/web-2.0/article/7898}},
	year = {2006},
	month = feb,
	urldate = {2016-08-15},
	journal = {Weekly Standard},
	author = {Keen, Andrew},
}

@article{lanier_digital_2006,
	title = {Digital Maoism: The Hazards of the New Online Collectivism},
	note = {\url{https://www.edge.org/conversation/digital-maoism-the-hazards-of-the-new-online-collectivism}},
	urldate = {2016-08-15},
	journal = {Edge},
	author = {Lanier, Jaron},
	month = may,
	year = {2006},
}

%%%%%%%%%%%%%%%%%%%%%%%%%%%%%%%%%%%%%
%% Week 2 - Motivation & Newcomers %%
%%%%%%%%%%%%%%%%%%%%%%%%%%%%%%%%%%%%%

@misc{wikipedia_wikifauna_2016,
	title = {WikiFauna},
	author = {Wikipedia},
	note = {\url{https://en.wikipedia.org/wiki/Wikipedia:WikiFauna}},
	urldate = {2016-08-21},
}

@misc{wikipedia_why_2016,
	title = {{Why} to contribute},
	author = {Wikipedia},
	note = {\url{https://en.wikipedia.org/wiki/Wikipedia:Why_to_contribute}},
	language = {en},
	urldate = {2016-08-21},
	journal = {Wikipedia},
}

@article{preece_readerleader_2009,
	title = {The {Reader}-to-{Leader} {Framework}: {Motivating} {Technology}-{Mediated} {Social} {Participation}},
	volume = {1},
	issn = {1944-3900},
	shorttitle = {The {Reader}-to-{Leader} {Framework}},
	url = {http://aisel.aisnet.org/thci/vol1/iss1/5},
	number = {1},
	journal = {AIS Transactions on Human-Computer Interaction},
	author = {Preece, Jennifer and Shneiderman, Ben},
	month = mar,
	year = {2009},
	pages = {13--32},
}

@article{nov_what_2007,
	title = {What {Motivates} {Wikipedians}?},
	volume = {50},
	issn = {0001-0782},
	url = {http://doi.acm.org/10.1145/1297797.1297798},
	doi = {10.1145/1297797.1297798},
	number = {11},
	urldate = {2016-08-18},
	journal = {Commun. ACM},
	author = {Nov, Oded},
	month = nov,
	year = {2007},
	pages = {60--64},
}

@article{yang_motivations_2010,
	series = {Online {Interactivity}: {Role} of {Technology} in {Behavior} {Change}},
	title = {Motivations of {Wikipedia} content contributors},
	volume = {26},
	issn = {0747-5632},
	url = {http://www.sciencedirect.com/science/article/pii/S0747563210000877},
	doi = {10.1016/j.chb.2010.04.011},
	number = {6},
	urldate = {2016-08-18},
	journal = {Computers in Human Behavior},
	author = {Yang, Heng-Li and Lai, Cheng-Yu},
	month = nov,
	year = {2010},
	pages = {1377--1383},
}

@article{kuznetsov_motivations_2006,
	title = {Motivations of {Contributors} to {Wikipedia}},
	volume = {36},
	issn = {0095-2737},
	url = {http://doi.acm.org/10.1145/1215942.1215943},
	doi = {10.1145/1215942.1215943},
	number = {2},
	urldate = {2016-08-18},
	journal = {SIGCAS Comput. Soc.},
	author = {Kuznetsov, Stacey},
	month = jun,
	year = {2006},
}

@inproceedings{lampe_motivations_2010,
	address = {New York, NY, USA},
	series = {{CHI} '10},
	title = {Motivations to {Participate} in {Online} {Communities}},
	isbn = {978-1-60558-929-9},
	url = {http://doi.acm.org/10.1145/1753326.1753616},
	doi = {10.1145/1753326.1753616},
	booktitle = {Proceedings of the {SIGCHI} {Conference} on {Human} {Factors} in {Computing} {Systems}},
	publisher = {ACM},
	author = {Lampe, Cliff and Wash, Rick and Velasquez, Alcides and Ozkaya, Elif},
	year = {2010},
	keywords = {lurkers, motivation, online communities, peripheral participation},
	pages = {1927--1936},
}

@incollection{rafaeli_online_2008,
	title = {Online {Motivational} {Factors}: {Incentives} for {Participation} and {Contribution} in {Wikipedia}},
	urldate = {2016-08-18},
	booktitle = {Psychological aspects of cyberspace: {Theory}, research, applications},
	author = {Rafaeli, Sheizaf and Ariel, Yaron},
	editor = {Barak, A.},
	year = {2008},
	pages = {243--267},
}

@incollection{lakhani_why_2003,
	title = {Why {Hackers} {Do} {What} {They} {Do}: {Understanding} {Motivation} and {Effort} in {Free}/{Open} {Source} {Software} {Projects}},
	booktitle = {Perspectives on Free and Open Source Software},
	publisher = {{MIT} Press},
	author = {Lakhani, Karim R. and Wolf, Robert G.},
	year = {2005},
}

@article{roberts_understanding_2006,
	title = {Understanding the {Motivations}, {Participation}, and {Performance} of {Open} {Source} {Software} {Developers}: {A} {Longitudinal} {Study} of the {Apache} {Projects}},
	volume = {52},
	issn = {0025-1909},
	shorttitle = {Understanding the {Motivations}, {Participation}, and {Performance} of {Open} {Source} {Software} {Developers}},
	url = {http://pubsonline.informs.org.colorado.idm.oclc.org/doi/abs/10.1287/mnsc.1060.0554},
	doi = {10.1287/mnsc.1060.0554},
	number = {7},
	urldate = {2016-08-19},
	journal = {Management Science},
	author = {Roberts, Jeffrey A. and Hann, Il-Horn and Slaughter, Sandra A.},
	month = jul,
	year = {2006},
	pages = {984--999},
}


@article{halfaker_rise_2013,
	title = {The {Rise} and {Decline} of an {Open} {Collaboration} {System} {How} {Wikipedia}’s {Reaction} to {Popularity} {Is} {Causing} {Its} {Decline}},
	volume = {57},
	issn = {0002-7642, 1552-3381},
	url = {http://abs.sagepub.com.colorado.idm.oclc.org/content/57/5/664},
	doi = {10.1177/0002764212469365},
	language = {en},
	number = {5},
	urldate = {2016-08-19},
	journal = {American Behavioral Scientist},
	author = {Halfaker, Aaron and Geiger, R. Stuart and Morgan, Jonathan T. and Riedl, John},
	month = may,
	year = {2013},
	pages = {664--688},
}

@inproceedings{suh_singularity_2009,
	address = {New York, NY, USA},
	series = {{WikiSym} '09},
	title = {The {Singularity} is {Not} {Near}: {Slowing} {Growth} of {Wikipedia}},
	isbn = {978-1-60558-730-1},
	shorttitle = {The {Singularity} is {Not} {Near}},
	url = {http://doi.acm.org/10.1145/1641309.1641322},
	doi = {10.1145/1641309.1641322},
	booktitle = {Proceedings of the 5th {International} {Symposium} on {Wikis} and {Open} {Collaboration}},
	publisher = {ACM},
	author = {Suh, Bongwon and Convertino, Gregorio and Chi, Ed H. and Pirolli, Peter},
	year = {2009},
	pages = {8:1--8:10},
}

%%%%%%%%%%%%%%%%%%%%%%%%%%%%%%%%%%%%%
%% Week 3 - Commitment & Departure %%
%%%%%%%%%%%%%%%%%%%%%%%%%%%%%%%%%%%%%

@misc{wikipedia_seven_2015,
	title = {{Seven} {Ages} of {Wikipedians}},
	author = {Wikipedia},
	note = {\url{https://en.wikipedia.org/wiki/Wikipedia:Seven_Ages_of_Wikipedians}},
	language = {en},
	urldate = {2016-08-21},
}

@inproceedings{morgan_tea_2013,
	address = {New York, NY, USA},
	series = {{CSCW} '13},
	title = {Tea and {Sympathy}: {Crafting} {Positive} {New} {User} {Experiences} on {Wikipedia}},
	isbn = {978-1-4503-1331-5},
	shorttitle = {Tea and {Sympathy}},
	url = {http://doi.acm.org/10.1145/2441776.2441871},
	doi = {10.1145/2441776.2441871},
	booktitle = {Proceedings of the 2013 {Conference} on {Computer} {Supported} {Cooperative} {Work}},
	publisher = {ACM},
	author = {Morgan, Jonathan T. and Bouterse, Siko and Walls, Heather and Stierch, Sarah},
	year = {2013},
	pages = {839--848},
}

@inproceedings{halfaker_dont_2011,
	address = {New York, NY, USA},
	series = {{WikiSym} '11},
	title = {Don't {Bite} the {Newbies}: {How} {Reverts} {Affect} the {Quantity} and {Quality} of {Wikipedia} {Work}},
	isbn = {978-1-4503-0909-7},
	shorttitle = {Don'{T} {Bite} the {Newbies}},
	url = {http://doi.acm.org/10.1145/2038558.2038585},
	doi = {10.1145/2038558.2038585},
	booktitle = {Proceedings of the 7th {International} {Symposium} on {Wikis} and {Open} {Collaboration}},
	publisher = {ACM},
	author = {Halfaker, Aaron and Kittur, Aniket and Riedl, John},
	year = {2011},
	pages = {163--172},
}

@inproceedings{panciera_wikipedians_2009,
	address = {New York, NY, USA},
	series = {{GROUP} '09},
	title = {Wikipedians {Are} {Born}, {Not} {Made}: {A} {Study} of {Power} {Editors} on {Wikipedia}},
	isbn = {978-1-60558-500-0},
	shorttitle = {Wikipedians {Are} {Born}, {Not} {Made}},
	url = {http://doi.acm.org/10.1145/1531674.1531682},
	doi = {10.1145/1531674.1531682},
	booktitle = {Proceedings of the {ACM} 2009 {International} {Conference} on {Supporting} {Group} {Work}},
	publisher = {ACM},
	author = {Panciera, Katherine and Halfaker, Aaron and Terveen, Loren},
	year = {2009},
	pages = {51--60},
}

%%%%%%%%%%%%%%%%%%%%%%%%%%%%%%%%%%%%%%%%%%%%%%%%%%
%% Week 4 - Culture & Norms, Rules & Governance %%
%%%%%%%%%%%%%%%%%%%%%%%%%%%%%%%%%%%%%%%%%%%%%%%%%%


@misc{wikiphilosophies,
	title = {Conflicting {Wikipedia} philosophies},
	author = {MetaWiki{\ }contributors},
	note = {\url{https://meta.wikimedia.org/wiki/Conflicting_Wikipedia_philosophies}},
	urldate = {2016-08-21},
	year = {2016}
}

@inproceedings{butler_dont_2008,
	address = {New York, NY, USA},
	series = {{CHI} '08},
	title = {Don't {Look} {Now}, but {We}'ve {Created} a {Bureaucracy}: {The} {Nature} and {Roles} of {Policies} and {Rules} in {Wikipedia}},
	isbn = {978-1-60558-011-1},
	shorttitle = {Don't {Look} {Now}, but {We}'ve {Created} a {Bureaucracy}},
	url = {http://doi.acm.org/10.1145/1357054.1357227},
	doi = {10.1145/1357054.1357227},
	urldate = {2015-05-09},
	booktitle = {Proceedings of the {SIGCHI} {Conference} on {Human} {Factors} in {Computing} {Systems}},
	publisher = {ACM},
	author = {Butler, Brian and Joyce, Elisabeth and Pike, Jacqueline},
	year = {2008},
	pages = {1101--1110},
}

@article{shaw_laboratories_2014,
	title = {Laboratories of {Oligarchy}? {How} the {Iron} {Law} {Extends} to {Peer} {Production}},
	volume = {64},
	copyright = {© 2014 International Communication Association},
	issn = {1460-2466},
	shorttitle = {Laboratories of {Oligarchy}?},
	url = {http://onlinelibrary.wiley.com.ezp-prod1.hul.harvard.edu/doi/10.1111/jcom.12082/abstract},
	doi = {10.1111/jcom.12082},
	language = {en},
	number = {2},
	urldate = {2015-05-09},
	journal = {Journal of Communication},
	author = {Shaw, Aaron and Hill, Benjamin M.},
	month = apr,
	year = {2014},
	pages = {215--238},
}

@inproceedings{bryant_becoming_2005,
	address = {New York, NY, USA},
	series = {{GROUP} '05},
	title = {Becoming {Wikipedian}: {Transformation} of {Participation} in a {Collaborative} {Online} {Encyclopedia}},
	isbn = {978-1-59593-223-5},
	shorttitle = {Becoming {Wikipedian}},
	url = {http://doi.acm.org/10.1145/1099203.1099205},
	doi = {10.1145/1099203.1099205},
	booktitle = {Proceedings of the 2005 {International} {ACM} {SIGGROUP} {Conference} on {Supporting} {Group} {Work}},
	publisher = {ACM},
	author = {Bryant, Susan L. and Forte, Andrea and Bruckman, Amy},
	year = {2005},
	pages = {1--10},
}

@inproceedings{thom_whats_2009,
	address = {New York, NY, USA},
	series = {{CHI} '09},
	title = {What's {Mine} is {Mine}: {Territoriality} in {Collaborative} {Authoring}},
	doi = {10.1145/1518701.1518925},
	urldate = {2016-08-21},
	booktitle = {Proceedings of the {SIGCHI} {Conference} on {Human} {Factors} in {Computing} {Systems}},
	publisher = {ACM},
	author = {Thom, Jennifer and Cosley, Dan R. and Gay, Geri},
	year = {2009},
	pages = {1481--1484},
}

@article{forte_decentralization_2009,
	title = {Decentralization in {Wikipedia} {Governance}},
	volume = {26},
	issn = {0742-1222},
	url = {http://www.tandfonline.com/doi/abs/10.2753/MIS0742-1222260103},
	doi = {10.2753/MIS0742-1222260103},
	number = {1},
	journal = {Journal of Management Information Systems},
	author = {Forte, Andrea and Larco, Vanesa and Bruckman, Amy},
	month = jul,
	year = {2009},
	pages = {49--72},
}

@inproceedings{forte_scaling_2008,
	title = {Scaling {Consensus}: {Increasing} {Decentralization} in {Wikipedia} {Governance}},
	shorttitle = {Scaling {Consensus}},
	doi = {10.1109/HICSS.2008.383},
	series = {{HICSS} '08},
	booktitle = {Hawaii {International} {Conference} on {System} {Sciences}, {Proceedings} of the 41st {Annual}},
	author = {Forte, A. and Bruckman, A.},
	month = jan,
	year = {2008},
	pages = {157--157},
}

@inproceedings{beschastnikh_wikipedian_2008,
	title = {Wikipedian {Self}-{Governance} in {Action}: {Motivating} the {Policy} {Lens}.},
	shorttitle = {Wikipedian {Self}-{Governance} in {Action}},
	url = {http://www.aaai.org/Papers/ICWSM/2008/ICWSM08-011.pdf},
	urldate = {2015-05-09},
	booktitle = {{Proceedings of the International Conference on Web and Social Media}},
	series = {{ICWSM} '08},
	author = {Beschastnikh, Ivan and Kriplean, Travis and McDonald, David W.},
	year = {2008},
}

@inproceedings{kriplean_community_2007,
	address = {New York, NY, USA},
	series = {{GROUP} '07},
	title = {Community, {Consensus}, {Coercion}, {Control}: {CS}*{W} or {How} {Policy} {Mediates} {Mass} {Participation}},
	isbn = {978-1-59593-845-9},
	url = {http://doi.acm.org/10.1145/1316624.1316648},
	doi = {10.1145/1316624.1316648},
	booktitle = {Proceedings of the 2007 {International} {ACM} {Conference} on {Supporting} {Group} {Work}},
	publisher = {ACM},
	author = {Kriplean, Travis and Beschastnikh, Ivan and McDonald, David W. and Golder, Scott A.},
	year = {2007},
	pages = {167--176},
}

@inproceedings{kriplean_articulations_2008,
	address = {New York, NY, USA},
	series = {{CSCW} '08},
	title = {Articulations of {Wikiwork}: {Uncovering} {Valued} {Work} in {Wikipedia} {Through} {Barnstars}},
	isbn = {978-1-60558-007-4},
	shorttitle = {Articulations of {Wikiwork}},
	url = {http://doi.acm.org/10.1145/1460563.1460573},
	doi = {10.1145/1460563.1460573},
	booktitle = {Proceedings of the 2008 {ACM} {Conference} on {Computer} {Supported} {Cooperative} {Work}},
	publisher = {ACM},
	author = {Kriplean, Travis and Beschastnikh, Ivan and McDonald, David W.},
	year = {2008},
	pages = {47--56},
}

@inproceedings{zhu_organizing_2012,
	address = {New York, NY, USA},
	series = {{CSCW} '12},
	title = {Organizing {Without} {Formal} {Organization}: {Group} {Identification}, {Goal} {Setting} and {Social} {Modeling} in {Directing} {Online} {Production}},
	doi = {10.1145/2145204.2145344},
	booktitle = {Proceedings of the {ACM} 2012 {Conference} on {Computer} {Supported} {Cooperative} {Work}},
	publisher = {ACM},
	author = {Zhu, Haiyi and Kraut, Robert and Kittur, Aniket},
	year = {2012},
	pages = {935--944},
}

@inproceedings{burke_mopping_2008,
	address = {New York, NY, USA},
	series = {{CSCW} '08},
	title = {Mopping {Up}: {Modeling} {Wikipedia} {Promotion} {Decisions}},
	doi = {10.1145/1460563.1460571},
	booktitle = {Proceedings of the 2008 {ACM} {Conference} on {Computer} {Supported} {Cooperative} {Work}},
	publisher = {ACM},
	author = {Burke, Moira and Kraut, Robert},
	year = {2008},
	pages = {27--36},
}

@article{black_self-governance_2011,
	title = {Self-{Governance} {Through} {Group} {Discussion} in {Wikipedia} {Measuring} {Deliberation} in {Online} {Groups}},
	volume = {42},
	issn = {1046-4964, 1552-8278},
	url = {http://sgr.sagepub.com.ezp-prod1.hul.harvard.edu/content/42/5/595},
	doi = {10.1177/1046496411406137},
	number = {5},
	urldate = {2015-03-08},
	journal = {Small Group Research},
	author = {Black, Laura W. and Welser, Howard T. and Cosley, Dan and DeGroot, Jocelyn M.},
	month = oct,
	year = {2011},
	pages = {595--634},
}

@inproceedings{leskovec_governance_2010,
	title = {Governance in social media: {A} case study of the Wikipedia promotion process},
	booktitle = {{Proceedings of the International Conference on Web and Social Media}},
	author = {Leskovec, Jure and Huttenlocher, Daniel P and Kleinberg, Jon M},
	year = {2010},
	series = {{ICWSM} '10},
	publisher = {{AAAI}}
}

@article{kostakis_peer_2010,
	title = {Peer governance and {Wikipedia}: {Identifying} and understanding the problems of {Wikipedia}'s governance},
	volume = {15},
	issn = {13960466},
	shorttitle = {Peer governance and {Wikipedia}},
	number = {3},
	journal = {First Monday},
	author = {Kostakis, Vasilis},
	month = mar,
	year = {2010},
}

@article{konieczny_governance_2009,
	title = {Governance, {Organization}, and {Democracy} on the {Internet}: {The} {Iron} {Law} and the {Evolution} of {Wikipedia}},
	volume = {24},
	doi = {10.1111/j.1573-7861.2008.01090.x},
	language = {en},
	number = {1},
	urldate = {2015-03-08},
	journal = {Sociological Forum},
	author = {Konieczny, Piotr},
	month = mar,
	year = {2009},
	pages = {162--192},
}

@article{konieczny_adhocratic_2010,
	title = {Adhocratic {Governance} in the {Internet} {Age}: {A} {Case} of {Wikipedia}},
	volume = {7},
	issn = {1933-1681},
	doi = {10.1080/19331681.2010.489408},
	number = {4},
	urldate = {2015-05-09},
	journal = {Journal of Information Technology \& Politics},
	author = {Konieczny, Piotr},
	month = oct,
	year = {2010},
	pages = {263--283}
}

@article{omahony_emergence_2007,
	title = {The {Emergence} of {Governance} in an {Open} {Source} {Community}},
	volume = {50},
	doi = {10.5465/AMJ.2007.27169153},
	number = {5},
	urldate = {2015-08-25},
	journal = {Academy of Management Journal},
	author = {O'Mahony, Siobh\`{a}n and Ferraro, Fabrizio},
	month = oct,
	year = {2007},
	pages = {1079--1106},
}

@inproceedings{danescu-niculescu-mizil_echoes_2012,
	address = {New York, NY, USA},
	series = {{WWW} '12},
	title = {Echoes of {Power}: {Language} {Effects} and {Power} {Differences} in {Social} {Interaction}},
	doi = {10.1145/2187836.2187931},
	urldate = {2016-08-21},
	booktitle = {Proceedings of the 21st {International} {Conference} on {World} {Wide} {Web}},
	publisher = {ACM},
	author = {Danescu-Niculescu-Mizil, Cristian and Lee, Lillian and Pang, Bo and Kleinberg, Jon},
	year = {2012},
	pages = {699--708},
}

%%%%%%%%%%%%%%%%%%%%%%%%%%%%%%
%% Week 5 - Conflict & Bias %%
%%%%%%%%%%%%%%%%%%%%%%%%%%%%%%

@inproceedings{joyce_handling_2011,
	address = {New York, NY, USA},
	series = {{iConference} '11},
	title = {Handling {Flammable} {Materials}: {Wikipedia} {Biographies} of {Living} {Persons} {As} {Contentious} {Objects}},
	isbn = {978-1-4503-0121-3},
	shorttitle = {Handling {Flammable} {Materials}},
	url = {http://doi.acm.org/10.1145/1940761.1940765},
	doi = {10.1145/1940761.1940765},
	urldate = {2015-03-08},
	booktitle = {Proceedings of the 2011 {iConference}},
	publisher = {ACM},
	author = {Joyce, Elisabeth and Butler, Brian and Pike, Jacqueline},
	year = {2011},
	pages = {25--32},
}

@inproceedings{kittur_he_2007,
	address = {New York, NY, USA},
	series = {{CHI} '07},
	title = {He {Says}, {She} {Says}: {Conflict} and {Coordination} in {Wikipedia}},
	isbn = {978-1-59593-593-9},
	shorttitle = {He {Says}, {She} {Says}},
	url = {http://doi.acm.org/10.1145/1240624.1240698},
	doi = {10.1145/1240624.1240698},
	urldate = {2015-03-08},
	booktitle = {Proceedings of the {SIGCHI} {Conference} on {Human} {Factors} in {Computing} {Systems}},
	publisher = {ACM},
	author = {Kittur, Aniket and Suh, Bongwon and Pendleton, Bryan A. and Chi, Ed H.},
	year = {2007},
	pages = {453--462},
}

@inproceedings{hecht_measuring_2009,
	address = {New York, NY, USA},
	series = {{C\&T} '09},
	title = {Measuring {Self}-focus {Bias} in {Community}-maintained {Knowledge} {Repositories}},
	isbn = {978-1-60558-713-4},
	url = {http://doi.acm.org/10.1145/1556460.1556463},
	doi = {10.1145/1556460.1556463},
	urldate = {2015-01-08},
	booktitle = {Proceedings of the {Fourth} {International} {Conference} on {Communities} and {Technologies}},
	publisher = {ACM},
	author = {Hecht, Brent and Gergle, Darren},
	year = {2009},
	pages = {11--20},
}

@article{wagner_women_2016,
	title = {Women through the glass ceiling: gender asymmetries in {Wikipedia}},
	volume = {5},
	issn = {2193-1127},
	shorttitle = {Women through the glass ceiling},
	url = {http://www.epjdatascience.com/content/5/1/5},
	doi = {10.1140/epjds/s13688-016-0066-4},
	language = {en},
	number = {1},
	urldate = {2016-08-15},
	journal = {EPJ Data Science},
	author = {Wagner, Claudia and Graells-Garrido, Eduardo and Garcia, David and Menczer, Filippo},
	month = dec,
	year = {2016}
}

@article{greenstein_is_2012,
	title = {Is {Wikipedia} {Biased}?},
	volume = {102},
	issn = {0002-8282},
	url = {https://www.aeaweb.org/articles?id=10.1257/aer.102.3.343},
	doi = {10.1257/aer.102.3.343},
	number = {3},
	urldate = {2016-08-16},
	journal = {American Economic Review},
	author = {Greenstein, Shane and Zhu, Feng},
	month = may,
	year = {2012},
	pages = {343--348},
}

@inproceedings{lam_wpclubhouse_2011,
	address = {New York, NY, USA},
	series = {{WikiSym} '11},
	title = {{WP}:{Clubhouse}?: {An} {Exploration} of {Wikipedia}'s {Gender} {Imbalance}},
	isbn = {978-1-4503-0909-7},
	shorttitle = {{WP}},
	url = {http://doi.acm.org/10.1145/2038558.2038560},
	doi = {10.1145/2038558.2038560},
	urldate = {2016-08-19},
	booktitle = {Proceedings of the 7th {International} {Symposium} on {Wikis} and {Open} {Collaboration}},
	publisher = {ACM},
	author = {Lam, Shyong (Tony) K. and Uduwage, Anuradha and Dong, Zhenhua and Sen, Shilad and Musicant, David R. and Terveen, Loren and Riedl, John},
	year = {2011},
	pages = {1--10},
}

@inproceedings{collier_conflict_2012,
	address = {New York, NY, USA},
	series = {{CSCW} '12},
	title = {Conflict, {Criticism}, or {Confidence}: {An} {Empirical} {Examination} of the {Gender} {Gap} in {Wikipedia} {Contributions}},
	isbn = {978-1-4503-1086-4},
	shorttitle = {Conflict, {Criticism}, or {Confidence}},
	url = {http://doi.acm.org/10.1145/2145204.2145265},
	doi = {10.1145/2145204.2145265},
	urldate = {2016-08-19},
	booktitle = {Proceedings of the {ACM} 2012 {Conference} on {Computer} {Supported} {Cooperative} {Work}},
	publisher = {ACM},
	author = {Collier, Benjamin and Bear, Julia},
	year = {2012},
	pages = {383--392},
}

@article{iosub_emotions_2014,
	title = {Emotions under {Discussion}: {Gender}, {Status} and {Communication} in {Online} {Collaboration}},
	volume = {9},
	shorttitle = {Emotions under {Discussion}},
	url = {http://dx.doi.org/10.1371/journal.pone.0104880},
	doi = {10.1371/journal.pone.0104880},
	number = {8},
	urldate = {2015-03-08},
	journal = {PLoS ONE},
	author = {Iosub, Daniela and Laniado, David and Castillo, Carlos and Fuster Morell, Mayo and Kaltenbrunner, Andreas},
	month = aug,
	year = {2014},
	pages = {e104880},
}

@inproceedings{antin_gender_2011,
	address = {Mountain View, California},
	title = {Gender differences in {Wikipedia} editing},
	isbn = {978-1-4503-0909-7},
	booktitle = {Proceedings of the 7th {International} {Symposium} on {Wikis} and {Open} {Collaboration}},
	publisher = {ACM},
	author = {Antin, Judd and Yee, Raymond and Cheshire, Coye and Nov, Oded},
	year = {2011},
	pages = {11--14},
}

@article{reagle_gender_2011,
	title = {Gender {Bias} in {Wikipedia} and {Britannica}},
	volume = {5},
	issn = {1932-8036},
	url = {http://ijoc.org/index.php/ijoc/article/view/777},
	language = {en},
	urldate = {2013-07-07},
	journal = {International Journal of Communication},
	author = {Reagle, Joseph and Rhue, Lauren},
	month = aug,
	year = {2011},
	note = {00030},
	pages = {21},
}

@inproceedings{graellsgarrido_first_2015,
	address = {New York, NY, USA},
	series = {{HT} '15},
	title = {First {Women}, {Second} {Sex}: {Gender} {Bias} in {Wikipedia}},
	isbn = {978-1-4503-3395-5},
	shorttitle = {First {Women}, {Second} {Sex}},
	url = {http://doi.acm.org/10.1145/2700171.2791036},
	doi = {10.1145/2700171.2791036},
	booktitle = {Proceedings of the 26th {ACM} {Conference} on {Hypertext} \& {Social} {Media}},
	publisher = {ACM},
	author = {Graells-Garrido, Eduardo and Lalmas, Mounia and Menczer, Filippo},
	year = {2015},
	keywords = {computational linguistics, gender, gender bias, Wikipedia},
	pages = {165--174},
}

@inproceedings{johnson_not_2016,
	address = {New York, NY, USA},
	series = {{CHI} '16},
	title = {Not at {Home} on the {Range}: {Peer} {Production} and the {Urban}/{Rural} {Divide}},
	isbn = {978-1-4503-3362-7},
	shorttitle = {Not at {Home} on the {Range}},
	url = {http://doi.acm.org/10.1145/2858036.2858123},
	doi = {10.1145/2858036.2858123},
	urldate = {2016-08-19},
	booktitle = {Proceedings of the 2016 {CHI} {Conference} on {Human} {Factors} in {Computing} {Systems}},
	publisher = {ACM},
	author = {Johnson, Isaac L. and Lin, Yilun and Li, Toby Jia-Jun and Hall, Andrew and Halfaker, Aaron and Sch\"{o}ning, Johannes and Hecht, Brent},
	year = {2016},
	pages = {13--25},
}

%%%%%%%%%%%%%%%%%%%%%%%%%%%%%%%%%
%% Week 6 - Revision Histories %%
%%%%%%%%%%%%%%%%%%%%%%%%%%%%%%%%%

@inproceedings{viegas_studying_2004,
	address = {New York, NY, USA},
	title = {Studying cooperation and conflict between authors with history flow visualizations},
	isbn = {1-58113-702-8},
	booktitle = {{CHI} '04: {Proceedings} of the {SIGCHI} conference on {Human} factors in computing systems},
	publisher = {ACM Press},
	author = {Viegas, Fernanda B. and Wattenberg, Martin and Dave, Kushal},
	year = {2004},
	pages = {575--582},
}

@inproceedings{ekstrand_rv_2009,
	address = {New York, NY, USA},
	series = {{WikiSym} '09},
	title = {Rv {You}'{re} {Dumb}: {Identifying} {Discarded} {Work} in {Wiki} {Article} {History}},
	isbn = {978-1-60558-730-1},
	shorttitle = {Rv {You}'{Re} {Dumb}},
	url = {http://doi.acm.org/10.1145/1641309.1641317},
	doi = {10.1145/1641309.1641317},
	urldate = {2015-03-08},
	booktitle = {Proceedings of the 5th {International} {Symposium} on {Wikis} and {Open} {Collaboration}},
	publisher = {ACM},
	author = {Ekstrand, Michael D. and Riedl, John T.},
	year = {2009},
	keywords = {article history, visualization, Wiki, wikipedia},
	pages = {4:1--4:10},
}

@inproceedings{geiger_using_2013,
	address = {New York, NY, USA},
	series = {{CSCW} '13},
	title = {Using {Edit} {Sessions} to {Measure} {Participation} in {Wikipedia}},
	isbn = {978-1-4503-1331-5},
	url = {http://doi.acm.org/10.1145/2441776.2441873},
	doi = {10.1145/2441776.2441873},
	urldate = {2016-08-19},
	booktitle = {Proceedings of the 2013 {Conference} on {Computer} {Supported} {Cooperative} {Work}},
	publisher = {ACM},
	author = {Geiger, R. Stuart and Halfaker, Aaron},
	year = {2013},
	pages = {861--870},
}

%%%%%%%%%%%%%%%%%%%%%%%
%% Week 7 - Networks %%
%%%%%%%%%%%%%%%%%%%%%%%


%%%%%%%%%%%%%%%%%%%%%%%%
%% Week 8 - Pageviews %%
%%%%%%%%%%%%%%%%%%%%%%%%

@inproceedings{warncke-wang_misalignment_2015,
	title = {Misalignment {Between} {Supply} and {Demand} of {Quality} {Content} in {Peer} {Production} {Communities}},
	language = {en},
	urldate = {2016-08-15},
	booktitle = {Ninth {International} {AAAI} {Conference} on {Web} and {Social} {Media}},
	author = {Warncke-Wang, Morten and Ranjan, Vivek and Terveen, Loren and Hecht, Brent},
	month = apr,
	year = {2015},
}

@article{mestyan_early_2013,
	title = {Early {Prediction} of {Movie} {Box} {Office} {Success} {Based} on {Wikipedia} {Activity} {Big} {Data}},
	volume = {8},
	issn = {1932-6203},
	url = {http://journals.plos.org/plosone/article?id=10.1371/journal.pone.0071226},
	doi = {10.1371/journal.pone.0071226},
	number = {8},
	urldate = {2016-08-15},
	journal = {PLOS ONE},
	author = {Mesty\'{a}n, M\'{a}rton and Yasseri, Taha and Kert\'{e}sz, J\'{a}nos},
	month = aug,
	year = {2013},
	pages = {e71226},
}

@article{hickmann_forecasting_2015,
	title = {Forecasting the 2013–2014 {Influenza} {Season} {Using} {Wikipedia}},
	volume = {11},
	issn = {1553-7358},
	url = {http://journals.plos.org/ploscompbiol/article?id=10.1371/journal.pcbi.1004239},
	doi = {10.1371/journal.pcbi.1004239},
	number = {5},
	urldate = {2016-08-21},
	journal = {PLOS Comput Biol},
	author = {Hickmann, Kyle S. and Fairchild, Geoffrey and Priedhorsky, Reid and Generous, Nicholas and Hyman, James M. and Deshpande, Alina and Valle, Sara Y. Del},
	month = may,
	year = {2015},
	pages = {e1004239},
}

@article{generous_global_2014,
	title = {Global {Disease} {Monitoring} and {Forecasting} with {Wikipedia}},
	volume = {10},
	issn = {1553-7358},
	url = {http://journals.plos.org/ploscompbiol/article?id=10.1371/journal.pcbi.1003892},
	doi = {10.1371/journal.pcbi.1003892},
	number = {11},
	urldate = {2016-08-21},
	journal = {PLOS Comput Biol},
	author = {Generous, Nicholas and Fairchild, Geoffrey and Deshpande, Alina and Valle, Sara Y. Del and Priedhorsky, Reid},
	month = nov,
	year = {2014},
	pages = {e1003892},
}

%%%%%%%%%%%%%%%%%%%%%%%%%
%% Week 9 - Ontologies %%
%%%%%%%%%%%%%%%%%%%%%%%%%


%%%%%%%%%%%%%%%%%%%%
%% Week 10 - Bots %%
%%%%%%%%%%%%%%%%%%%%

@inproceedings{geiger_work_2010,
	address = {New York, NY, USA},
	series = {{CSCW} '10},
	title = {The {Work} of {Sustaining} {Order} in {Wikipedia}: {The} {Banning} of a {Vandal}},
	isbn = {978-1-60558-795-0},
	shorttitle = {The {Work} of {Sustaining} {Order} in {Wikipedia}},
	url = {http://doi.acm.org/10.1145/1718918.1718941},
	doi = {10.1145/1718918.1718941},
	urldate = {2016-08-19},
	booktitle = {Proceedings of the 2010 {ACM} {Conference} on {Computer} {Supported} {Cooperative} {Work}},
	publisher = {ACM},
	author = {Geiger, R. Stuart and Ribes, David},
	year = {2010},
	pages = {117--126},
}

@inproceedings{geiger_when_2013,
	address = {New York, NY, USA},
	series = {{WikiSym} '13},
	title = {When the {Levee} {Breaks}: {Without} {Bots}, {What} {Happens} to {Wikipedia}'s {Quality} {Control} {Processes}?},
	isbn = {978-1-4503-1852-5},
	shorttitle = {When the {Levee} {Breaks}},
	url = {http://doi.acm.org/10.1145/2491055.2491061},
	doi = {10.1145/2491055.2491061},
	booktitle = {Proceedings of the 9th {International} {Symposium} on {Open} {Collaboration}},
	publisher = {ACM},
	author = {Geiger, R. Stuart and Halfaker, Aaron},
	year = {2013},
	pages = {6:1--6:6},
}

@inproceedings{halfaker_snuggle_2014,
	address = {New York, NY, USA},
	series = {{CHI} '14},
	title = {Snuggle: {Designing} for {Efficient} {Socialization} and {Ideological} {Critique}},
	isbn = {978-1-4503-2473-1},
	shorttitle = {Snuggle},
	url = {http://doi.acm.org/10.1145/2556288.2557313},
	doi = {10.1145/2556288.2557313},
	urldate = {2016-08-19},
	booktitle = {Proceedings of the {SIGCHI} {Conference} on {Human} {Factors} in {Computing} {Systems}},
	publisher = {ACM},
	author = {Halfaker, Aaron and Geiger, R. Stuart and Terveen, Loren G.},
	year = {2014},
	pages = {311--320},
}

@inproceedings{steiner_bots_2014,
	address = {New York, NY, USA},
	series = {{OpenSym} '14},
	title = {Bots vs. {Wikipedians}, {Anons} vs. {Logged}-{Ins} ({Redux}): {A} {Global} {Study} of {Edit} {Activity} on {Wikipedia} and {Wikidata}},
	isbn = {978-1-4503-3016-9},
	url = {http://doi.acm.org/10.1145/2641580.2641613},
	doi = {10.1145/2641580.2641613},
	urldate = {2016-08-19},
	booktitle = {Proceedings of {The} {International} {Symposium} on {Open} {Collaboration}},
	publisher = {ACM},
	author = {Steiner, Thomas},
	year = {2014},
	pages = {25:1--25:7},
}

@inproceedings{muller-birn_work_2013,
	address = {New York, NY, USA},
	series = {C\&{T} '13},
	title = {Work-to-rule: {The} {Emergence} of {Algorithmic} {Governance} in {Wikipedia}},
	isbn = {978-1-4503-2104-4},
	shorttitle = {Work-to-rule},
	url = {http://doi.acm.org/10.1145/2482991.2482999},
	doi = {10.1145/2482991.2482999},
	booktitle = {Proceedings of the 6th {International} {Conference} on {Communities} and {Technologies}},
	publisher = {ACM},
	author = {M\"{u}ller-Birn, Claudia and Dobusch, Leonhard and Herbsleb, James D.},
	year = {2013},
	pages = {80--89},
}

%%%%%%%%%%%%%%%%%%%%%%%%%%
%% WEEK 11 - Edge Cases %%
%%%%%%%%%%%%%%%%%%%%%%%%%%

@inproceedings{keegan_hot_2011,
	address = {New York, NY, USA},
	series = {{WikiSym} '11},
	title = {Hot off the {Wiki}: {Dynamics}, {Practices}, and {Structures} in {Wikipedia}'s {Coverage} of the {T\={o}hoku} {Catastrophes}},
	isbn = {978-1-4503-0909-7},
	shorttitle = {Hot off the {Wiki}},
	url = {http://doi.acm.org/10.1145/2038558.2038577},
	doi = {10.1145/2038558.2038577},
	urldate = {2015-09-04},
	booktitle = {Proceedings of the 7th {International} {Symposium} on {Wikis} and {Open} {Collaboration}},
	publisher = {ACM},
	author = {Keegan, Brian and Gergle, Darren and Contractor, Noshir},
	year = {2011},
	pages = {105--113},
}

@inproceedings{keegan_history_2013,
	address = {New York, NY, USA},
	series = {{WikiSym} '13},
	title = {A {History} of {Newswork} on {Wikipedia}},
	isbn = {978-1-4503-1852-5},
	url = {http://doi.acm.org/10.1145/2491055.2491062},
	doi = {10.1145/2491055.2491062},
	urldate = {2014-10-14},
	booktitle = {Proceedings of the 9th {International} {Symposium} on {Open} {Collaboration}},
	publisher = {ACM},
	author = {Keegan, Brian},
	year = {2013},
	keywords = {breaking news, current events, JOURNALISM, Wikipedia},
	pages = {7:1--7:10},
}

@inproceedings{keegan_is_2015,
	address = {New York, NY, USA},
	series = {{CSCW} '15},
	title = {`{Is}' to `{Was}': {Coordination} and {Commemoration} in {Posthumous} {Activity} on {Wikipedia} {Biographies}},
	isbn = {978-1-4503-2922-4},
	url = {http://doi.acm.org/10.1145/2675133.2675238},
	doi = {10.1145/2675133.2675238},
	urldate = {2015-09-04},
	booktitle = {Proceedings of the 18th {ACM} {Conference} on {Computer} {Supported} {Cooperative} {Work} \& {Social} {Computing}},
	publisher = {ACM},
	author = {Keegan, Brian C. and Brubaker, Jed R.},
	year = {2015},
	pages = {533--546},
}

@article{majchrzak_coordinating_2007,
	title = {Coordinating {Expertise} {Among} {Emergent} {Groups} {Responding} to {Disasters}},
	volume = {18},
	issn = {1047-7039},
	url = {http://pubsonline.informs.org.ezp-prod1.hul.harvard.edu/doi/abs/10.1287/orsc.1060.0228},
	doi = {10.1287/orsc.1060.0228},
	number = {1},
	urldate = {2015-11-04},
	journal = {Organization Science},
	author = {Majchrzak, Ann and Jarvenpaa, Sirkka L. and Hollingshead, Andrea B.},
	month = feb,
	year = {2007},
	pages = {147--161},
}

@article{faraj_coordination_2006,
	title = {Coordination in {Fast}-{Response} {Organizations}},
	volume = {52},
	issn = {0025-1909},
	url = {http://pubsonline.informs.org.ezp-prod1.hul.harvard.edu/doi/abs/10.1287/mnsc.1060.0526},
	doi = {10.1287/mnsc.1060.0526},
	number = {8},
	urldate = {2015-12-01},
	journal = {Management Science},
	author = {Faraj, Samer and Xiao, Yan},
	month = aug,
	year = {2006},
	pages = {1155--1169},
}

@article{bechky_expecting_2011,
	title = {Expecting the {Unexpected}? {How} {SWAT} {Officers} and {Film} {Crews} {Handle} {Surprises}},
	volume = {54},
	issn = {0001-4273},
	shorttitle = {Expecting the {Unexpected}? {How} {Swat} {Officers} and {Film} {Crews} {Handle} {Surprises}},
	journal = {The Academy of Management Journal},
	author = {Bechky, B.A. and Okhuysen, G.A.},
	year = {2011},
	note = {2},
	pages = {239--261},
	annote = {The following values have no corresponding Zotero field:ID - 895}
}

@article{bechky_gaffers_2006,
	title = {Gaffers, gofers, and grips: {Role}-based coordination in temporary organizations},
	volume = {17},
	shorttitle = {Gaffers, gofers, and grips: {Role}-based coordination in temporary organizations},
	journal = {Organization Science},
	author = {Bechky, B.A.},
	year = {2006},
	note = {1},
	pages = {3--21},
	annote = {The following values have no corresponding Zotero field:ID - 894}
}

@article{klein_dynamic_2006,
	title = {Dynamic {Delegation}: {Shared}, {Hierarchical}, and {Deindividualized} {Leadership} in {Extreme} {Action} {Teams}},
	volume = {51},
	doi = {10.2189/asqu.51.4.590},
	language = {en},
	number = {4},
	urldate = {2016-08-18},
	journal = {Administrative Science Quarterly},
	author = {Klein, Katherine J. and Ziegert, Jonathan C. and Knight, Andrew P. and Xiao, Yan},
	month = dec,
	year = {2006},
	pages = {590--621},
}

@article{bigley_incident_2001,
	title = {The {Incident} {Command} {System}: {High}-{Reliability} {Organizing} for {Complex} and {Volatile} {Task} {Environments}},
	volume = {44},
	url = {http://www.jstor.org/stable/3069401},
	journal = {The Academy of Management Journal},
	author = {Bigley, Gregory A. and Roberts, Karlene H.},
	year = {2001},
	note = {6},
	pages = {1281--1299},
}

@incollection{weick_organizing_1999,
	address = {US},
	title = {Organizing for high reliability: {Processes} of collective mindfulness},
	booktitle = {Research in organizational behavior, {Vol}. 21},
	publisher = {Elsevier Science/JAI Press},
	author = {Weick, Karl E. and Sutcliffe, Kathleen M. and Obstfeld, David},
	editor = {Sutton, R. I. and Staw, B. M.},
	year = {1999},
	pages = {81--123},
}

@article{weick_collective_1993,
	title = {Collective mind in organizations: {Heedful} interrelating on flight decks},
	volume = {38},
	language = {English},
	number = {3},
	urldate = {2016-08-18},
	journal = {Administrative Science Quarterly},
	author = {Weick, Karl E. and Roberts, Karlene H.},
	month = sep,
	year = {1993},
	pages = {357},
}

@inproceedings{palen_emergence_2008,
	address = {New York, NY, USA},
	series = {{CSCW} '08},
	title = {The {Emergence} of {Online} {Widescale} {Interaction} in {Unexpected} {Events}: {Assistance}, {Alliance} \& {Retreat}},
	isbn = {978-1-60558-007-4},
	url = {http://doi.acm.org/10.1145/1460563.1460583},
	doi = {10.1145/1460563.1460583},
	booktitle = {Proceedings of the 2008 {ACM} {Conference} on {Computer} {Supported} {Cooperative} {Work}},
	publisher = {ACM},
	author = {Palen, Leysia and Vieweg, Sarah},
	year = {2008},
	pages = {117--126},
}

@article{palen_crisis_2016,
	title = {Crisis informatics—{New} data for extraordinary times},
	volume = {353},
	issn = {0036-8075, 1095-9203},
	url = {http://science.sciencemag.org.colorado.idm.oclc.org/content/353/6296/224},
	doi = {10.1126/science.aag2579},
	language = {en},
	number = {6296},
	urldate = {2016-08-18},
	journal = {Science},
	author = {Palen, Leysia and Anderson, Kenneth M.},
	month = jul,
	year = {2016},
	pmid = {27418492},
	pages = {224--225},
}

@misc{colbert_schlafly_2009,
	title = {{Andy} {Schlafly}},
	note = {\href{http://www.cc.com/video-clips/9o2lyz/the-colbert-report-andy-schlafly}{The Colbert Report.}},
	urldate = {2016-08-15},
	author = {Colbert, Stephen},
	mon = dec,
	year = {2009}
}

@article{sanger_fate_2009,
	title = {The {Fate} of {Expertise} after {Wikipedia}},
	volume = {6},
	issn = {1750-0117},
	url = {http://journals.cambridge.org/article_S1742360000001209},
	doi = {10.3366/E1742360008000543},
	number = {01},
	journal = {Episteme},
	author = {Sanger, Lawrence M.},
	month = feb,
	year = {2009},
	pages = {52--73},
}

@article{sundin_debating_2007,
	title = {Debating information control in web 2.0: {The} case of {Wikipedia} vs. {Citizendium}},
	volume = {44},
	issn = {1550-8390},
	shorttitle = {Debating information control in web 2.0},
	url = {http://onlinelibrary.wiley.com/doi/10.1002/meet.1450440333/abstract},
	doi = {10.1002/meet.1450440333},
	number = {1},
	urldate = {2016-08-21},
	journal = {Proceedings of the American Society for Information Science and Technology},
	author = {Sundin, Olof and Haider, Jutta},
	month = jan,
	year = {2007},
	pages = {1--7},
}

@article{lam_past_2011,
	title = {The past, present, and future of {Wikipedia}},
	volume = {44},
	issn = {0018-9162},
	url = {http://ieeexplore.ieee.org/lpdocs/epic03/wrapper.htm?arnumber=5731572},
	doi = {10.1109/MC.2011.94},
	number = {3},
	journal = {Computer},
	author = {Lam, Shyong K and Riedl, J},
	month = mar,
	year = {2011},
	pages = {87--90},
}

@article{oneil_shirky_2010,
	title = {Shirky and {Sanger}, or the costs of crowdsourcing},
	volume = {9},
	url = {https://works.bepress.com/mathieu_oneil/1/},
	number = {1},
	journal = {Journal of Science Communication},
	author = {O'Neil, Mathieu},
	year = {2010},
}

@misc{sanger_why_2007,
	title = {Why the {Citizendium} {Will} ({Probably}) {Succeed}},
	note = {\url{http://larrysanger.org/2007/03/why-the-citizendium-will-succeed/}},
	urldate = {2016-08-21},
	journal = {Larry Sanger Blog},
	author = {Sanger, Larry},
	month = mar,
	year = {2007}
}

@misc{sanger_why_2004,
	title = {Why {Wikipedia} {Must} {Jettison} {Its} {Anti}-{Elitism}},
	note = {\url{http://larrysanger.org/2004/12/why-wikipedia-must-jettison-its-anti-elitism/}},
	urldate = {2016-08-21},
	journal = {Larry Sanger Blog},
	author = {Sanger, Larry},
	month = dec,
	year = {2004}
}

@misc{shirky_larry_2006,
	title = {Larry {Sanger}, {Citizendium}, and the {Problem} of {Expertise}},
	note = {\url{https://web.archive.org/web/20150906111714/http://many.corante.com/archives/2006/09/18/larry_sanger_citizendium_and_the_problem_of_expertise.php}},
	urldate = {2016-08-21},
	author = {Shirky, Clay},
	month = sep,
	year = {2006},
}

@misc{creationwiki_about,
	title = {About},
	author = {CreationWiki},
	note = {\url{http://www.creationwiki.org/CreationWiki:About}},
	urldate = {2016-08-21},
}

@misc{rationalwiki_about,
	title = {About},
	author = {RationalWiki},
	note = {\url{http://rationalwiki.org/wiki/RationalWiki}},
	urldate = {2016-08-21},
}

@misc{conservapedia_about,
	title = {About},
	author = {Conservapedia},
	note = {\url{http://www.conservapedia.com/Conservapedia:About}},
	urldate = {2016-08-21},
}

@misc{dramatica_about,
	title = {About},
	author = {{Encyclopedia}{\ }{Dramatica}},
	note = {\url{https://encyclopediadramatica.se/Encyclopedia_Dramatica:About}},
	urldate = {2016-08-21},
}

@article{hill_almost_2013,
	title = {Almost {Wikipedia}: {Eight} {Early} {Encyclopedia} {Projects} and the {Mechanisms} of {Collective} {Action}},
	note = {\url{https://mako.cc/academic/hill-almost_wikipedia-DRAFT.pdf}},
	journal = {Essays on Volunteer Mobilization in Peer Production},
	author = {Hill, Benjamin Mako},
	year = {2013},
	pages = {1--38},
}

%%%%%%%%%%%%%%%%%%%%%%%%%%
%% Week 12 - Successors %%
%%%%%%%%%%%%%%%%%%%%%%%%%%

@inproceedings{priedhorsky_computational_2008,
	address = {New York, NY, USA},
	series = {{CSCW} '08},
	title = {The {Computational} {Geowiki}: {What}, {Why}, and {How}},
	isbn = {978-1-60558-007-4},
	url = {http://doi.acm.org/10.1145/1460563.1460606},
	doi = {10.1145/1460563.1460606},
	urldate = {2016-08-21},
	booktitle = {Proceedings of the 2008 {ACM} {Conference} on {Computer} {Supported} {Cooperative} {Work}},
	publisher = {ACM},
	author = {Priedhorsky, Reid and Terveen, Loren},
	year = {2008},
	pages = {267--276},
}

%%%%%%%%%%%%%%%%%%%%%%%%%%%%%%%%%%%%%%
%% Week 13 - Creative Collaboration %%
%%%%%%%%%%%%%%%%%%%%%%%%%%%%%%%%%%%%%%

@article{resnick_scratch_2009,
	title = {Scratch: {Programming} for {All}},
	volume = {52},
	issn = {0001-0782},
	shorttitle = {Scratch},
	url = {http://doi.acm.org/10.1145/1592761.1592779},
	doi = {10.1145/1592761.1592779},
	number = {11},
	journal = {Commun. ACM},
	author = {Resnick, Mitchel and Maloney, John and Monroy-Hern\'{a}ndez, Andr\'{e}s and Rusk, Natalie and Eastmond, Evelyn and Brennan, Karen and Millner, Amon and Rosenbaum, Eric and Silver, Jay and Silverman, Brian and Kafai, Yasmin},
	month = nov,
	year = {2009},
	pages = {60--67},
}

@incollection{roque_supporting_2016,
	series = {Computer-{Supported} {Collaborative} {Learning} {Series}},
	title = {Supporting {Diverse} and {Creative} {Collaboration} in the {Scratch} {Online} {Community}},
	isbn = {978-3-319-13535-9 978-3-319-13536-6},
	language = {en},
	number = {16},
	urldate = {2016-08-21},
	booktitle = {Mass {Collaboration} and {Education}},
	publisher = {Springer},
	author = {Roque, Ricarose and Rusk, Natalie and Resnick, Mitchel},
	editor = {Cress, Ulrike and Moskaliuk, Johannes and Jeong, Heisawn},
	year = {2016},
	doi = {10.1007/978-3-319-13536-6\_12},
	pages = {241--256},
}

@article{dasgupta_engaging_2014,
	title = {Engaging {Novices} in {Programming}, {Experimenting}, and {Learning} with {Data}},
	volume = {5},
	doi = {10.1145/2684721.2684737},
	number = {4},
	journal = {ACM Inroads},
	author = {Dasgupta, Sayamindu and Resnick, Mitchel},
	month = dec,
	year = {2014},
	pages = {72--75},
}

@inproceedings{matias_skill_2016,
	address = {New York, NY, USA},
	series = {{CHI} '16},
	title = {Skill {Progression} in {Scratch} {Revisited}},
	doi = {10.1145/2858036.2858349},
	booktitle = {Proceedings of the 2016 {CHI} {Conference} on {Human} {Factors} in {Computing} {Systems}},
	publisher = {ACM},
	author = {Matias, J. Nathan and Dasgupta, Sayamindu and Hill, Benjamin Mako},
	year = {2016},
	pages = {1486--1490},
}

@inproceedings{dasgupta_remixing_2016,
	address = {New York, NY, USA},
	series = {{CSCW} '16},
	title = {Remixing {As} a {Pathway} to {Computational} {Thinking}},
	doi = {10.1145/2818048.2819984},
	booktitle = {Proceedings of the 19th {ACM} {Conference} on {Computer}-{Supported} {Cooperative} {Work} \& {Social} {Computing}},
	publisher = {ACM},
	author = {Dasgupta, Sayamindu and Hale, William and Monroy-Hern\'{a}ndez, Andr\'{e}s and Hill, Benjamin Mako},
	year = {2016},
	pages = {1438--1449},
}

@inproceedings{nickerson_appropriation_2011,
	title = {Appropriation and {Creativity}: {User}-{Initiated} {Contests} in {Scratch}},
	isbn = {978-1-4244-9618-1},
	doi = {10.1109/HICSS.2011.75},
	booktitle = {Proceedings of the 44th Hawaii International Conference on System Sciences},
	series = {{HICSS} '11},
	urldate = {2016-08-21},
	publisher = {IEEE},
	author = {Nickerson, Jeffrey V and Monroy-Hern\'{a}ndez, Andr\'{e}s},
	month = jan,
	year = {2011},
	pages = {1--10},
}

@inproceedings{monroy-hernandez_computers_2011,
	address = {New York, NY, USA},
	series = {{CHI} '11},
	title = {Computers {Can}'t {Give} {Credit}: {How} {Automatic} {Attribution} {Falls} {Short} in an {Online} {Remixing} {Community}},
	doi = {10.1145/1978942.1979452},
	booktitle = {Proceedings of the {SIGCHI} {Conference} on {Human} {Factors} in {Computing} {Systems}},
	publisher = {ACM},
	author = {Monroy-Hern\'{a}ndez, Andr\'{e}s and Hill, Benjamin Mako and Gonzalez-Rivero, Jazmin and boyd, danah},
	year = {2011},
	pages = {3421--3430},
}

@inproceedings{hill_cost_2013,
	address = {New York, NY, USA},
	series = {{CSCW} '13},
	title = {The {Cost} of {Collaboration} for {Code} and {Art}: {Evidence} from a {Remixing} {Community}},
	doi = {10.1145/2441776.2441893},
	booktitle = {Proceedings of the 2013 {Conference} on {Computer} {Supported} {Cooperative} {Work}},
	publisher = {ACM},
	author = {Hill, Benjamin Mako and Monroy-Hern\'{a}ndez, Andr\'{e}s},
	year = {2013},
	pages = {1035--1046},
}

@article{brabham_moving_2010,
	title = {Moving the Crowd at Threadless: {Motivations} for participation in a crowdsourcing application},
	volume = {13},
	url = {http://www.tandfonline.com/doi/abs/10.1080/13691181003624090},
	doi = {10.1080/13691181003624090},
	number = {8},
	urldate = {2013-10-31},
	journal = {Information, Communication \& Society},
	author = {Brabham, Daren C.},
	month = dec,
	year = {2010},
	pages = {1122--1145},
}

@article{hutter_communitition_2011,
	title = {Communitition: {The} {Tension} between {Competition} and {Collaboration}},
	volume = {20},
	issn = {09631690},
	shorttitle = {Communitition},
	url = {http://doi.wiley.com/10.1111/j.1467-8691.2011.00589.x},
	doi = {10.1111/j.1467-8691.2011.00589.x},
	number = {1},
	urldate = {2013-08-19},
	journal = {Creativity and Innovation Management},
	author = {Hutter, Katja and Hautz, Julia and Füller, Johann and Mueller, Julia and Matzler, Kurt},
	month = mar,
	year = {2011},
	pages = {3--21},
}

%%%%%%%%%%%%%%%%%%%%%%%%%%%%
%% Week 15 - Beyond Wikis %%
%%%%%%%%%%%%%%%%%%%%%%%%%%%%

@book{swan_blockchain_2015,
	title = {Blockchain},
	isbn = {978-1-4919-2049-7},
	urldate = {2016-08-18},
	author = {Swan, Melanie},
	year = {2015},
	publisher = {O'Reilly}
}

@inproceedings{buechley_lilypad_2010,
	address = {New York, NY, USA},
	series = {{DIS} '10},
	title = {{LilyPad} in the {Wild}: {How} {Hardware}'s {Long} {Tail} is {Supporting} {New} {Engineering} and {Design} {Communities}},
	doi = {10.1145/1858171.1858206},
	booktitle = {Proceedings of the 8th {ACM} {Conference} on {Designing} {Interactive} {Systems}},
	publisher = {ACM},
	author = {Buechley, Leah and Hill, Benjamin Mako},
	year = {2010},
	pages = {199--207},
}

@article{weiss_open_2008,
	title = {Open {Source} {Hardware}: {Freedom} {You} {Can} {Hold}?},
	volume = {12},
	issn = {1091-3556},
	url = {http://doi.acm.org/10.1145/1435535.1435541},
	doi = {10.1145/1435535.1435541},
	number = {3},
	urldate = {2016-08-21},
	journal = {netWorker},
	author = {Weiss, Aaron},
	month = sep,
	year = {2008},
	pages = {26--33},
}

@inproceedings{buechley_diy_2009,
	address = {New York, NY, USA},
	series = {{CHI} {EA} '09},
	title = {{DIY} for {CHI}: {Methods}, {Communities}, and {Values} of {Reuse} and {Customization}},
	doi = {10.1145/1520340.1520750},
	booktitle = {{CHI} '09 {Extended} {Abstracts} on {Human} {Factors} in {Computing} {Systems}},
	publisher = {ACM},
	author = {Buechley, Leah and Rosner, Daniela K. and Paulos, Eric and Williams, Amanda},
	year = {2009},
	pages = {4823--4826},
}

@inproceedings{kuznetsov_rise_2010,
	address = {New York, NY, USA},
	series = {{NordiCHI} '10},
	title = {Rise of the {Expert} {Amateur}: {DIY} {Projects}, {Communities}, and {Cultures}},
	doi = {10.1145/1868914.1868950},
	booktitle = {Proceedings of the 6th {Nordic} {Conference} on {Human}-{Computer} {Interaction}: {Extending} {Boundaries}},
	publisher = {ACM},
	author = {Kuznetsov, Stacey and Paulos, Eric},
	year = {2010},
	pages = {295--304},
}

@inproceedings{mellis_fab_2011,
	address = {New York, NY, USA},
	series = {{TEI} '11},
	title = {Fab {FM}: {The} {Design}, {Making}, and {Modification} of an {Open}-source {Electronic} {Product}},
	doi = {10.1145/1935701.1935718},
	urldate = {2016-08-21},
	booktitle = {Proceedings of the {Fifth} {International} {Conference} on {Tangible}, {Embedded}, and {Embodied} {Interaction}},
	publisher = {ACM},
	author = {Mellis, David A. and Gordon, Dana and Buechley, Leah},
	year = {2011},
	pages = {81--84},
}

@inproceedings{malinen_open_2010,
	address = {New York, NY, USA},
	series = {{MindTrek} '10},
	title = {Open {Source} {Hardware} {Through} {Volunteer} {Community}: {A} {Case} {Study} of {eCars} – {Now}!},
	doi = {10.1145/1930488.1930502},
	booktitle = {Proceedings of the 14th {International} {Academic} {MindTrek} {Conference}: {Envisioning} {Future} {Media} {Environments}},
	publisher = {ACM},
	author = {Malinen, Tiina and Mikkonen, Teemu and Tienvieri, Vesa and Vadén, Tere},
	year = {2010},
	pages = {65--68},
}

@inproceedings{mellis_collaboration_2012,
	address = {New York, NY, USA},
	series = {{CSCW} '12},
	title = {Collaboration in {Open}-source {Hardware}: {Third}-party {Variations} on the {Arduino} {Duemilanove}},
	doi = {10.1145/2145204.2145377},
	booktitle = {Proceedings of the {ACM} 2012 {Conference} on {Computer} {Supported} {Cooperative} {Work}},
	publisher = {ACM},
	author = {Mellis, David and Buechley, Leah},
	year = {2012},
	pages = {1175--1178},
}


%%%%%%%%%%%%%%%%%%%%%%%%%%%%%%
%% WEEK 16 -- Cooperativism %%
%%%%%%%%%%%%%%%%%%%%%%%%%%%%%%

@misc{schneider_internet_2015,
	title = {The {Internet} {Needs} a {New} {Economy}},
	note = {\url{http://www.thenextsystem.org/the-internet-needs-a-new-economy/}},
	urldate = {2016-08-15},
	journal = {The Next System Project},
	author = {Schneider, Nathan and Scholz, Trebor},
	month = nov,
	year = {2015},
}

@misc{scholz_platform_2014,
	title = {Platform {Cooperativism} vs. the {Sharing} {Economy}},
	note = {\url{https://medium.com/@trebors/platform-cooperativism-vs-the-sharing-economy-2ea737f1b5ad\#.mce1v31yx}},
	urldate = {2016-08-15},
	journal = {Medium},
	author = {Scholz, Trebor},
	month = dec,
	year = {2014},
}

@misc{louis_user_2013,
	title = {How Much Is A User Worth?},
	note = {\url{http://www.forbes.com/sites/tristanlouis/2013/08/31/how-much-is-a-user-worth/print/}},
	urldate = {2016-08-15},
	journal = {Forbes},
	author = {Louis, Tristan},
	month = aug,
	year = {2013},
}

@misc{schneider_maintenance_2016,
	title = {The Future of Owning the Internet},
	note = {\url{http://www.vice.com/read/zen-and-the-art-of-internet-maintenance-v23n1}},
	urldate = {2016-08-15},
	journal = {VICE},
	author = {Schneider, Nathan},
	month = mar,
	year = {2016},
}



%%%%%%%%%%%
%% OTHER %%
%%%%%%%%%%%

